@inproceedings{AA22,
  	author    = {Arcile, Johan and Andr{\'e}, {\'E}tienne},
  	title     = {Zone extrapolations in parametric timed automata},
	year      = {2022},
	booktitle = {Proceedings of the 14th {NASA} Formal Methods Symposium ({NFM} 2022)},
	SHORTbooktitle = {{NFM}},
	editor    = {Klaus Havelund and Jyo Deshmukh and Ivan Perez},
	location  = {Caltech, Pasadena, CA, USA},
	eventdate = {2022-05-24/2022-05-27},
	publisher = {Springer},
	series    = {\LNCS{}},
	toappear  = {true},
}
	volume    = {TODO},
	pages     = {TODO},
	doi       = {TODO},


@inproceedings{AAPP21,
  	author		=	{Andr{\'e}, {\'E}tienne and Arias, Jaime and Petrucci, Laure and Van de Pol, Jaco},
  	title		=	{Iterative Bounded Synthesis for Efficient Cycle Detection in Parametric Timed Automata},
	year		=	{2021},
	booktitle = {Proceedings of the 27th International Conference on Tools and Algorithms for the Construction and Analysis of Systems ({TACAS} 2021)},
	SHORTbooktitle	= {{TACAS}},
	editor		= {Jan Friso Groote and Larsen, Kim G.},
	location	= {Virtual},
	eventdate	= {2021-03-27/2021-04-01},
	doi			= {10.1007/978-3-030-72016-2_17},
	pages		= {311-329},
	publisher	= {Springer},
	volume		= {12651},
}


@inproceedings{ABBL98,
	author    = {Luca Aceto and
				Patricia Bouyer and
				Augusto Burgue{\~n}o and
				Larsen, Kim Guldstrand},
	title     = {The Power of Reachability Testing for Timed Automata},
	SHORTbooktitle = {FSTTCS},
	booktitle = {Proceedings of the 18th Conference on Foundations of Software Technology and Theoretical Computer Science ({FSTTCS} 1998)},
	location  = {Chennai, India},
	eventdate = {1998-12-17/1998-12-19},
	year      = {1998},
	pages     = {245-256},
	doi        = {10.1007/b71635},
	editor    = {Vikraman Arvind and
				Ramaswamy Ramanujam},
	publisher = {Springer},
	series    = {\LNCS{}},
	volume    = {1530},
	isbn      = {3-540-65384-8},
	bibsource = {DBLP, http://dblp.uni-trier.de},
}

@article{ABBL03,
	author    = {Luca Aceto and
				Patricia Bouyer and
				Augusto Burgue{\~{n}}o and
				Larsen, Kim Guldstrand},
	title     = {The power of reachability testing for timed automata},
	journal   = {\TCS{}},
	volume    = {300},
	number    = {1-3},
	pages     = {411--475},
	year      = {2003},
	doi       = {10.1016/S0304-3975(02)00334-1},
	timestamp = {Sun, 28 May 2017 13:20:00 +0200},
	biburl    = {https://dblp.org/rec/bib/journals/tcs/AcetoBBL03},
	bibsource = {dblp computer science bibliography, https://dblp.org},
}

@inproceedings{ABL98,
	author    = {Luca Aceto and
				Augusto Burgue{\~n}o and
				Larsen, Kim Gulstrand},
	title     = {Model Checking via Reachability Testing for Timed Automata},
	SHORTbooktitle = {{TACAS}},
	booktitle = {Proceedings of the 4th International Conference on Tools and Algorithms for Construction and Analysis of Systems {TACAS} 1998)},
	eventdate = {1998-03-28/1998-04-04},
	location  = {Lisbon, Portugal},
	year      = {1998},
	pages     = {263-280},
	doi       = {10.1007/BFb0054177},
	bibsource = {DBLP, http://dblp.uni-trier.de},
	editor    = {Bernhard Steffen},
	publisher = {Springer},
	series    = {\LNCS{}},
	volume    = {1384},
  isbn      = {3-540-64356-7},
}


@inproceedings{ABPV19,
	author = {Andr{\'e}, {\'E}tienne and Bloemen, Vincent and Petrucci, Laure and van de Pol, Jaco},
	title = {Minimal-Time Synthesis for Parametric Timed Automata},
	booktitle = {Proceedings of the 25th International Conference on Tools and Algorithms for the Construction and Analysis of Systems ({TACAS} 2019), Part {II}},
	SHORTbooktitle = {{TACAS}, Part {II}},
	doi = {10.1007/978-3-030-17465-1_12},
	editor = {Vojnar, Tomáš and Zhang, Lijun},
	location = {Prague, Czech Repubic},
	eventdate = {2019-04-08/2019-04-11},
	pages = {211--228},
	publisher = {Springer},
	series    = {\LNCS{}},
	volume = {11428},
	year = {2019},
}




@inproceedings{ACE14,
	author = {Andr{\'e}, {\'E}tienne and Coti, Camille and Evangelista, Sami},
	title = {Distributed Behavioral Cartography of Timed Automata},
	booktitle = {Proceedings of the 21st European {MPI} Users' Group Meeting ({EuroMPI/ASIA 2014})},
	SHORTbooktitle = {{EuroMPI/ASIA}},
	doi = {10.1145/2642769.2642784},
	editor = {Dongarra, Jack and Ishikawa, Yutaka and Atsushi, Hori},
	location = {Kyoto, Japan},
	eventdate = {2014-09-09/2014-09-12},
	month = {9},
	pages = {109--114},
	publisher = {ACM},
	AUTHORurl = {https://lipn.univ-paris13.fr/~andre/documents/distributed-behavioral-cartography-of-timed-automata.pdf},
	year = {2014},
	lipn-category = {intc},
	keywords = {intc},
}



@article{ACEF09,
	author =	{Andr{\'e}, {\'E}tienne and Chatain, Thomas and Encrenaz, Emmanuelle and Fribourg, Laurent},
	DOI =	{10.1142/S0129054109006905},
	journal =	{International Journal of Foundations of Computer Science},
	number =	{5},
	pages =	{819-836},
	publisher =	{World Scientific},
	title =	{An Inverse Method for Parametric Timed Automata},
  	url =	{http://www.lsv.ens-cachan.fr/Publis/PAPERS/PDF/ACEF-ijfcs09.pdf},
	volume =	{20},
	year =	{2009},
}


@inproceedings{ACHH92,
	author    = {Alur, Rajeev and
			Courcoubetis, Costas and
			Henzinger, Thomas A. and
			Ho, Pei-Hsin},
	title     = {Hybrid Automata: An Algorithmic Approach to the Specification and Verification of Hybrid Systems},
	SHORTbooktitle = {Hybrid Systems 1992},
	booktitle = {Proceedings of the International Hybrid Systems Workshop},
	year      = {1993},
	pages     = {209-229},
	doi       = {10.1007/3-540-57318-6_30},
	editor    = {Robert L. Grossman and
			Anil Nerode and
			Anders P. Ravn and
			Hans Rischel},
	bibsource = {DBLP, http://dblp.uni-trier.de},
	publisher = {Springer},
	series    = {\LNCS{}},
	volume    = {736},
}


@article{ACHHHNOSY95,
  author    = {Rajeev Alur and
               Costas Courcoubetis and
               Nicolas Halbwachs and
               Thomas A. Henzinger and
               Pei-Hsin Ho and
               Xavier Nicollin and
               Alfredo Olivero and
               Joseph Sifakis and
               Sergio Yovine},
	title     = {The Algorithmic Analysis of Hybrid Systems},
	journal   ={\TCS{}},
	volume    = {138},
	number    = {1},
	year      = {1995},
	pages     = {3-34},
	doi       = {10.1016/0304-3975(94)00202-T},
	bibsource = {DBLP, http://dblp.uni-trier.de},
}

@inproceedings{ACN15,
	author = {Andr{\'e}, {\'E}tienne and Coti, Camille and Nguyen, Hoang Gia},
	title = {Enhanced Distributed Behavioral Cartography of Parametric Timed Automata},
	booktitle = {Proceedings of the 17th International Conference on Formal Engineering Methods ({ICFEM} 2015)},
	SHORTbooktitle = {{ICFEM}},
  	doi       = {10.1007/978-3-319-25423-4_21},
    editor = {Butler, Michael and Conchon, Sylvain and Zaïdi, Fatiha},
  	isbn      = {978-3-319-25422-7},
  	location = {Paris, France},
	eventdate = {2015-11-03/2015-11-06},
	month = {11},
	pages     = {319--335},
	publisher = {Springer},
	series    = {\LNCS{}},
	volume    = {9407},
	year = {2015},
	coreRank = {B},
}


@article{AD94,
	author    = {Alur, Rajeev and Dill, David L.},
	title     = {A theory of timed automata},
	doi       = {10.1016/0304-3975(94)90010-8},
	journal   = {\TCS{}},
	volume    = {126},
	month     = apr,
	number    = {2},
	numpages  = {53},
	year      = {1994},
	pages     = {183--235},
	publisher = {Elsevier Science Publishers Ltd.},
	address   = {Essex, UK},
}

@article{ADRST16,
	author       = {Abdulla, Parosh Aziz and
				Giorgio Delzanno and
				Othmane Rezine and
				Arnaud Sangnier and
				Riccardo Traverso},
	title        = {Parameterized verification of time-sensitive models of ad hoc network protocols},
	journal      = {\TCS{}},
	volume       = {612},
	pages        = {1--22},
	year         = {2016},
	doi          = {10.1016/j.tcs.2015.07.048},
	biburl       = {http://dblp.org/rec/bib/journals/tcs/AbdullaDRST16},
	bibsource    = {dblp computer science bibliography, http://dblp.org},
}


@inproceedings{AF10,
	author =	{Andr{\'e}, {\'E}tienne and Fribourg, Laurent},
	booktitle =	{Proceedings of the 4th Workshop on Reachability Problems in Computational Models ({RP} 2010)},
	SHORTbooktitle =	{{RP}},
	DOI =	{10.1007/978-3-642-15349-5_5},
	editor =	{Ku{\v c}era, Anton{\'i}n and Potapov, Igor},
	location =	{Brno, Czech Republic},
	eventdate = {2010-08-28/2010-08-29},
	month =	{8},
	pages =	{76-90},
	publisher =	{Springer},
	series =	{\LNCS{}},
	title =	{Behavioral Cartography of Timed Automata},
	AUTHORurl =	{http://www.lsv.fr/Publis/PAPERS/PDF/AF-rp10.pdf},
	volume =	{6227},
	year =	{2010},
}


@inproceedings{AFKS12,
  	author =	{Andr{\'e}, {\'E}tienne and Fribourg, Laurent and K{\"u}hne, Ulrich and Soulat, Romain},
  	booktitle =	{Proceedings of the 18th International Symposium on Formal Methods ({FM} 2012)},
  	SHORTbooktitle =	{FM},
  	location  = {Paris, France},
  	eventdate = {2012-08-27/2012-08-31},
  	editor =	{Giannakopoulou, Dimitra and Méry, Dominique},
  	month =	aug,
	pages =	 {33-36},
  	publisher =	{Springer},
  	series =	{\LNCS{}},
  	title =	{{IMITATOR}~2.5: A~Tool for Analyzing Robustness in Scheduling Problems},
  	doi = {10.1007/978-3-642-32759-9_6},
  	url =	{http://www.lsv.fr/Publis/PAPERS/PDF/AFKS-fm12.pdf},
	volume =	{7436},
	year =	{2012},
}

@inproceedings{AFS13atva,
  	author =	{Andr{\'e}, {\'E}tienne and Fribourg, Laurent and Soulat, Romain},
  	booktitle =	{Proceedings of the 11th International Symposium on Automated Technology for Verification and Analysis ({ATVA} 2013)},
  	SHORTbooktitle =	{{ATVA}},
 	editor =	{Hung, Dang-Van and Ogawa, Mizuhito},
	eventdate = {2013-10-15/2013-10-18},
 	location = {Ha Noi, Viet Nam},
  	month =	10,
  	pages =	{381-396},
	publisher =	{Springer},
  	series =	{\LNCS{}},
  	title =	{Merge and Conquer: State Merging in Parametric Timed Automata},
  	doi = {10.1007/978-3-319-02444-8_27},
  	AUTHORurl = {https://lipn.univ-paris13.fr/~andre/documents/merge-and-conquer-state-merging-in-parametric-timed-automata.pdf},
  	volume =	{8172},
  	year =	{2013},
	coreRank = {A},
}


@inproceedings{AHHKLLP13,
	author = {Andr{\'e}, {\'E}tienne and Hillah, Lom-Messan and Hulin-Hubard, Francis and Kordon, Fabrice and Lembachar, Yousra and Linard, Alban and Petrucci, Laure},
	booktitle = {Proceedings of the 18th IEEE International Conference on Engineering of Complex Computer Systems ({ICECCS} 2013)},
	SHORTbooktitle = {{ICECCS}},
  	doi = {10.1109/ICECCS.2013.15},
  	editor = {Liu, Yang and Martin, Andrew},
	location = {Singapore},
	month = jul,
	pages     = {33-36},
	publisher = {IEEE Computer Society},
	title = {{CosyVerif}: An Open Source Extensible Verification Environment},
	url = {https://lipn.univ-paris13.fr/~andre/documents/CosyVerif-an-Open-Source-Extensible-Verification-Environment.pdf},
	year = {2013},
 }



@inproceedings{AHV93,
	author = {Alur, Rajeev and Henzinger, Thomas A. and Vardi, Moshe Y.},
	title = {Parametric real-time reasoning},
	SHORTbooktitle = {STOC},
	booktitle = {Proceedings of the 25th annual {ACM} symposium on Theory of computing ({STOC} 1993)},
	editor    = {S. Rao Kosaraju and
               David S. Johnson and
               Alok Aggarwal},
	year = {1993},
	doi       = {10.1145/167088.167242},
	isbn = {0-89791-591-7},
	location = {San Diego, California, United States},
	eventdate = {1993-05-16/1993-05-18},
	pages = {592--601},
	numpages = {10},
	publisher = {ACM},
	address = {New York, NY, USA},
}


@inproceedings{AHW18,
	author = {Andr{\'e}, {\'E}tienne and Hasuo, Ichiro and Waga, Masaki},
	title = {Offline timed pattern matching under uncertainty},
	doi = {10.1109/ICECCS2018.2018.00010},
	booktitle = {Proceedings of the 23rd International Conference on Engineering of Complex Computer Systems ({ICECCS} 2018)},
	SHORTbooktitle = {{ICECCS}},
	editor = {Lin, Anthony Widjaja and Sun, Jun},
	eventdate = {2018-12-12/2018-12-14},
	location = {Melbourne, Australia},
	eventdate = {2018-12-12/2018-12-14},
	pages = {10--20},
	publisher = {{IEEE} Computer Society},
	year = {2018},
	award = {Best paper award},
	keywords = {intc},
	coreRank = {A},
}

@inproceedings{ALime17,
	author = {Andr{\'e}, {\'E}tienne and Lime, Didier},
	SHORTbooktitle =		{{ACSD}},
	booktitle =		{Proceedings of the 17th International Conference on Application of Concurrency to System Design (ACSD 2017)},
	eventdate = {2017-06-25/2017-06-30},
	doi = {10.1109/ACSD.2017.19},
	editor = {Alex Legay and Klaus Schneider},
	location = {Zaragoza, Spain},
	pages = {9--18},
	publisher = {IEEE},
	title = {Liveness in {L/U}-Parametric Timed Automata},
	year = {2017},
}

@article{ALM20,
	author    = {Andr{\'e}, {\'E}tienne and
				Lime, Didier and
				Markey, Nicolas},
	author+an = {1=highlight},
	title     = {Language Preservation Problems in Parametric Timed Automata},
	journal   = {\LMCS{}},
	volume    = {16},
	number     = {1},
	day       = {22},
	month     = jan,
	page	  = {5:1-5:31},
	year      = {2020},
  	keywords = {journal},
  	doi			= {10.23638/LMCS-16(1:5)2020},
  	  URL = {https://lmcs.episciences.org/6042},
}


@inproceedings{ALNS15,
	author = {Andr{\'e}, {\'E}tienne and Lipari, Giuseppe and Nguyen, Hoang Gia and Sun, Youcheng},
	title = {Reachability Preservation Based Parameter Synthesis for Timed Automata},
	booktitle = {Proceedings of the 7th {NASA} Formal Methods Symposium ({NFM} 2015)},
	SHORTbooktitle = {{NFM}},
	doi = {10.1007/978-3-319-17524-9_5},
	editor = {Havelund, Klaus and Holzmann, Gerard J. and Joshi, Rajeev},
	eventdate = {2015-04-27/2015-04-29},
	location = {Pasadena, CA, USA},
	month = {4},
	publisher = {Springer},
	pages = {50--65},
	volume = {9058},
	series    = {\LNCS{}},
	year = {2015},
	coreRank = {absent},
}



Mikołaj Bojańczyk, Sławomir Lasota and Igor Potapov
@inproceedings{ALR15,
	author    = {Andr{\'e}, {\'E}tienne and Lime, Didier and Roux, Olivier H.},
	title     = {Integer-Complete Synthesis for Bounded Parametric Timed Automata},
	booktitle = {Proceedings of the 9th International Workshop on Reachability Problems ({RP} 2015)},
	SHORTbooktitle = {{RP}},
	doi       = {10.1007/978-3-319-24537-9_2},
	editor    = {Boja\'nczyk, Miko\l{}aj and Lasota, S\l{}awomir and Potapov, Igor},
	eventdate = {2015-09-21/2015-09-23},
	location  = {Warsaw, Poland},
	month     = sep,
	pages     = {7--19},
	publisher = {Springer},
	series    = {\LNCS{}},
	volume    = {9328},
	year      = {2015},
	coreRank  = {absent},
}

@inproceedings{ALR16ICFEM,
	author = {Andr{\'e}, {\'E}tienne and Lime, Didier and Roux, Olivier H.},
	booktitle =		{Proceedings of the 18th International Conference on Formal Engineering Methods (ICFEM 2016)},
	SHORTbooktitle =		{{ICFEM}},
	doi = {10.1007/978-3-319-47846-3_25},
	editor = {Ogata, Kazuhiro and Lawford, Mark and Liu, Shaoying},
	location = {Tokyo, Japan},
	eventdate = {2016-11-16/2016-11-18},
	pages = {400--416},
	publisher = {Springer},
	series    = {\LNCS{}},
	volume = {10009},
	title = {Decision Problems for Parametric Timed Automata},
	year = {2016},
	coreRank = {B},
}


@inproceedings{ALR16expressiveness,
	author = {Andr{\'e}, {\'E}tienne and Lime, Didier and Roux, Olivier H.},
	SHORTbooktitle =		{{FORMATS}},
	booktitle =		{Proceedings of the 14th International Conference on Formal Modelling and Analysis of Timed Systems (FORMATS 2016)},
	editor = {Fränzle, Martin and Markey, Nicolas},
	title = {On the Expressiveness of Parametric Timed Automata},
	doi = {10.1007/978-3-319-44878-7_2},
	location = {Québec, Canada},
	pages = {19--34},
	publisher = {Springer},
	series    = {\LNCS{}},
	volume = {9984},
	year = {2016},
}

@inproceedings{ALR18FORMATS,
	author = {Andr{\'e}, {\'E}tienne and Lime, Didier and Ramparison, Mathias},
	title = {{TCTL} model checking lower/upper-bound parametric timed automata without invariants},
	booktitle =		{Proceedings of the 16th International Conference on Formal Modeling and Analysis of Timed Systems ({FORMATS} 2018)},
	SHORTbooktitle = {{FORMATS}},
	doi = {10.1007/978-3-030-00151-3_3},
	eventdate = {2018-09-04/2018-09-06},
	editor = {Jansen, David N. and Prabhakar, Pavithra},
	location = {Beijing, China},
	pages = {1--17},
	publisher = {Springer},
	series    = {\LNCS{}},
	volume = {11022},
	year = {2018},
	lipn-category = {intc},
	keywords = {intc},
}


@inproceedings{ALR18PresetTA,
	author = {Andr{\'e}, {\'E}tienne and Lime, Didier and Ramparison, Mathias},
	title = {Timed automata with parametric updates},
	SHORTbooktitle = {{ACSD}},
	booktitle = {Proceedings of the 18th International Conference on Application of Concurrency to System Design ({ACSD} 2018)},
	eventdate = {2018-06-24/2018-06-29},
	doi = {10.1109/ACSD.2018.000-2},
	editor = {Juhás, Gabriel and Chatain, Thomas and Grosu, Radu},
	location = {Bratislava, Slovakia},
	pages = {21--29},
	publisher = {IEEE},
	year = {2018},
}

@inproceedings{AM02,
  	author =	{Adbedda{\"i}m, Yasmina and Maler, Oded},
  	booktitle =	{Proceedings of the 8th International Conference on Tools and Algorithms for Construction and Analysis of Systems ({TACAS} 2002)},
  	eventdate = {2002-04-08/2002-04-12},
  	location  = {Grenoble, France},
  	SHORTbooktitle =	{{TACAS}},
  	editor =	{Katoen, Joost-Pieter and Stevens, Perdita},
  	month =	apr,
  	pages =	{113-126},
  	publisher =	{Springer-Verlag},
  	series =	{\LNCS{}},
  	title =	{Preemptive Job-Shop Scheduling using Stopwatch Automata},
  	volume =	{2280},
  	year =	{2002},
}



@inproceedings{AMP21,
  	author    = {Andr{\'e}, {\'E}tienne and Marinho, Dylan and van de Pol, Jaco},
  	title     = {A Benchmarks Library for Extended Timed Automata},
	year      = {2021},
	booktitle = {Proceedings of the 15th International Conference on Tests and Proofs ({TAP} 2021)},
	SHORTbooktitle = {{TAP}},
	editor    = {Frédéric Loulergue and Franz Wotawa},
	location  = {virtual},
	eventdate = {2021-06-21/2021-06-25},
	doi       = {10.1007/978-3-030-79379-1_3},
	pages     = {39-50},
	publisher = {Springer},
	series    = {\LNCS{}},
	volume    = {12740},
}


@inproceedings{AMPP22,
	author       = {Andr{\'e}, {\'E}tienne and Marinho, Dylan and Petrucci, Laure and van de Pol, Jaco},
	title        = {Efficient Convex Zone Merging in Parametric Timed Automata},
	year         = {2022},
	booktitle = {Proceedings of the 20th International Conference on Formal Modeling and Analysis of Timed Systems ({FORMATS} 2022)},
	SHORTbooktitle    = {{FORMATS}},
	editor       = {Bogomolov, Sergiy and Parker, David},
	location     = {Warsaw, Poland},
	eventdate    = {2022-09-12/2022-09-17},
	pages        = {200-218},
	publisher    = {Springer},
	series       = {\LNCS{}},
	volume       = {13465},
	doi          = {10.1007/978-3-031-15839-1_12},
	acceptanceRate = {47\,\%},
	keywords     = {intc},
	coreRank     = {absent},
}


@inproceedings{Andre13FSFMA,
	author = {Andr{\'e}, {\'E}tienne},
	booktitle = {Proceedings of the 1st French Singaporean Workshop on Formal Methods and Applications ({FSFMA} 2013)},
	SHORTbooktitle = {{FSFMA}},
  	editor = {Choppy, Christine and Sun, Jun},
	location = {Singapore},
	eventdate = {2013-07-15/2013-07-16},
	month = {7},
	pages = {18-31},
	publisher = {Schloss Dagstuhl -- Leibniz-Zentrum f\"ur Informatik, Dagstuhl Publishing},
	series = {OpenAccess Series in Informatics (OASIcs)},
	title = {Dynamic Clock Elimination in Parametric Timed Automata},
	doi = {10.4230/OASIcs.FSFMA.2013.18},
	url = {https://lipn.univ-paris13.fr/~andre/documents/dynamic-clock-elimination-in-parametric-timed-automata.pdf},
	volume = {31},
	year = {2013},
}

@inproceedings{Andre13ICECCS,
	author = {Andr{\'e}, {\'E}tienne},
	booktitle = {Proceedings of the 18th IEEE International Conference on Engineering of Complex Computer Systems ({ICECCS} 2013)},
	SHORTbooktitle = {{ICECCS}},
  	doi = {10.1109/ICECCS.2013.26},
  	editor = {Liu, Yang and Martin, Andrew},
	location = {Singapore},
	eventdate = {2013-07-17/2013-07-19},
	month = {7},
	pages     = {125--134},
	publisher = {IEEE Computer Society},
	title = {Observer Patterns for Real-Time Systems},
	url = {https://lipn.univ-paris13.fr/~andre/documents/observer-patterns-for-real-time-systems.pdf},
	year = {2013},
}


@inproceedings{Andre16,
	author = {Andr{\'e}, {\'E}tienne},
	booktitle =		{Proceedings of the 13th International Colloquium on Theoretical Aspects of Computing (ICTAC 2016)},
	SHORTbooktitle =		{{ICTAC}},
	editor = {Augusto Cesar Alves Sampaio and Wang, Farn},
	doi = {10.1007/978-3-319-46750-4_27},
	location = {Taipei, Taiwan},
	eventdate = {2016-10-24/2016-10-28},
	pages = {469--478},
	publisher = {Springer},
	series    = {\LNCS{}},
	volume = {9965},
	title = {Parametric Deadlock-Freeness Checking Timed Automata},
	year = {2016},
}

@inproceedings{Andre21,
  	author =	{Andr{\'e}, {\'E}tienne},
  	title =	{IMITATOR 3: Synthesis of timing parameters beyond decidability},
	year =	{2021},
	booktitle = {Proceedings of the 33rd International Conference on Computer-Aided Verification ({CAV} 2021)},
	shortbooktitle = {{CAV}},
	editor = {Rustan Leino and Alexandra Silva},
	location = {virtual},
	eventdate = {2021-07-18/2021-07-23},
	pages    = {1-14},
	doi      = {10.1007/978-3-030-81685-8_26},
	publisher	= {Springer},
	series    = {\LNCS{}},
	volume		= {12759},
}

@inproceedings{ANP17,
	author = {Andr{\'e}, {\'E}tienne and Nguyen, Hoang Gia and Petrucci, Laure},
	booktitle =		{Proceedings of the 22nd International Conference on Engineering of Complex Computer Systems (ICECCS 2017)},
	SHORTbooktitle =		{{ICECCS}},
	doi = {10.1109/ICECCS.2017.28},
	editor = {Hu, Zhenjiang and Bai, Guangdong},
	location = {Fukuoka, Japan},
	eventdate = {2017-11-06/2017-11-08},
	pages = {1--10},
	publisher = {IEEE},
	title = {Efficient parameter synthesis using optimized state exploration strategies},
	year = {2017},
	coreRank = {A},
}

@inproceedings{ANPS17,
	author = {Andr{\'e}, {\'E}tienne and Nguyen, Hoang Gia and Petrucci, Laure and Sun, Jun},
	booktitle =		{Proceedings of the 9th {NASA} Formal Methods Symposium ({NFM} 2017)},
	SHORTbooktitle =		{{NFM}},
	doi       = {10.1007/978-3-319-57288-8_3},
	editor = {Barrett, Clark and Kahsai, Temesghen},
	location = {Moffett Field, CA, USA},
	eventdate = {2017-05-16/2017-05-18},
	publisher = {Springer},
	pages     = {35--51},
	series    = {\LNCS{}},
	title = {Parametric model checking timed automata under non-{Z}enoness assumption},
	volume    = {10227},
	year = {2017},
	coreRank = {absent},
}




@inproceedings{AS11,
  	location =	{Genova, Italy},
  	author =	{Andr{\'e}, {\'E}tienne and Soulat, Romain},
  	booktitle =	{Proceedings of the 5th Workshop on Reachability Problems in Computational Models ({RP} 2011)},
  	SHORTbooktitle =	{{RP}},
  	eventdate = {2011-09-28/2011-09-30},
  	editor =	{Delzanno, Giorgio and Potapov, Igor},
  	month =	{9},
  	pages =	{31-44},
  	publisher =	{Springer},
  	series =	{\LNCS{}},
  	title =	{Synthesis of Timing Parameters Satisfying Safety Properties},
  	doi = {10.1007/978-3-642-24288-5_5},
  	AUTHORurl =	{http://www.lsv.fr/Publis/PAPERS/PDF/AS-RP11.pdf},
  	volume =	{6945},
  	year =	{2011},
  	lipn-category = {intc},
  	lipn-time = {ant},
  	keywords = {intc},
}

@book{AS13,
  	author = {Andr{\'e}, {\'E}tienne and Soulat, Romain},
  	isbn = {9781848214477},
  	note =	{176~pages},
  	publisher =	{ISTE Ltd and John Wiley \& Sons Inc.},
  	series = {FOCUS Series in Computer Engineering and Information Technology},
  	title =	{The Inverse Method},
  	year =	{2013},
}


@inproceedings{AWUH22,
  	author    = {Andr{\'e}, {\'E}tienne and Waga, Masaki and Urabe, Natsuki and Hasuo, Ichiro},
	editor    = {Deshmukh, Jyotirmoy V. and
				Klaus Havelund and
				Ivan Perez},
  	title     = {Exemplifying parametric timed specifications over signals with bounded behavior},
	year      = {2022},
	booktitle = {Proceedings of the 14th {NASA} Formal Methods Symposium ({NFM} 2022)},
	SHORTbooktitle = {{NFM}},
	location  = {Caltech, Pasadena, CA, USA},
	eventdate = {2022-05-24/2022-05-27},
	publisher = {Springer},
	pages     = {470--488},
	series    = {\LNCS{}},
	volume    = {13260},
	doi       = {10.1007/978-3-031-06773-0_25},
	coreRank  = {absent},
	keywords  = {intc},
}

@inproceedings{BBFL03,
	author    = {Gerd Behrmann and
				Patricia Bouyer and
				Emmanuel Fleury and
				Larsen, Kim Guldstrand},
	editor    = {Hubert Garavel and
				John Hatcliff},
	title     = {Static Guard Analysis in Timed Automata Verification},
	booktitle = {Proceedings of the 9th International Conference on Tools and Algorithms for the Construction and Analysis of Systems ({TACAS} 2003), Held as Part of the Joint European Conferences on Theory and Practice of Software ({ETAPS} 2003)},
	SHORTbooktitle = {{TACAS}},
	eventdate = {2003-04-07/2003-04-11},
	location  = {Warsaw, Poland},
	series    = {\LNCS{}},
	volume    = {2619},
	pages     = {254--277},
	publisher = {Springer},
	year      = {2003},
	doi       = {10.1007/3-540-36577-X_18},
	timestamp = {Tue, 14 May 2019 10:00:53 +0200},
	biburl    = {https://dblp.org/rec/conf/tacas/BehrmannBFL03.bib},
	bibsource = {dblp computer science bibliography, https://dblp.org},
}

@article{BBLP06,
	author    = {Gerd Behrmann and
				Patricia Bouyer and
				Larsen, Kim Guldstrand and
				Radek Pel{\'{a}}nek},
	title     = {Lower and upper bounds in zone-based abstractions of timed automata},
	journal   = {\STTT{}},
	volume    = {8},
	number    = {3},
	pages     = {204--215},
	year      = {2006},
	doi       = {10.1007/s10009-005-0190-0},
	timestamp = {Thu, 18 May 2017 09:53:11 +0200},
	biburl    = {http://dblp.uni-trier.de/rec/bib/journals/sttt/BehrmannBLP06},
	bibsource = {dblp computer science bibliography, http://dblp.org},
}


@article{BDFP04,
  	author =	{Patricia Bouyer and
               Catherine Dufourd and
               Emmanuel Fleury and
               Antoine Petit},
  	journal =	{\TCS{}},
  	month =	aug,
  	number =	{2-3},
  	pages =	{291-345},
	doi       = {10.1016/j.tcs.2004.04.003},
	publisher =	{Elsevier Science Publishers},
  	title =	{Updatable Timed Automata},
  	volume =	{321},
  	year =	{2004},
}

@inproceedings{BDHHJT17,
	author    = {Budde, Carlos E. and
	Dehnert, Christian and
	Hahn, Ernst Moritz and
	Hartmanns, Arnd and
	Junges, Sebastian and
	Turrini, Andrea},
	editor    = {Axel Legay and
	Tiziana Margaria},
	title     = {{JANI}: Quantitative Model and Tool Interaction},
	booktitle = {Proceedings of the 23rd International Conference on Tools and Algorithms for the Construction and Analysis of Systems ({TACAS} 2017), Part {II}, Held as Part of the European Joint Conferences on Theory and Practice of Software ({ETAPS} 2017)},
	SHORTbooktitle = {{TACAS}},
	eventdate = {2017-04-22/2017-04-29},
	location  = {Uppsala, Sweden},
	series    = {\LNCS{}},
	volume    = {10206},
	pages     = {151--168},
	year      = {2017},
	doi       = {10.1007/978-3-662-54580-5_9},
	timestamp = {Fri, 27 Dec 2019 21:24:41 +0100},
	biburl    = {https://dblp.org/rec/conf/tacas/BuddeDHHJT17.bib},
	bibsource = {dblp computer science bibliography, https://dblp.org}
}


@inproceedings{BFLMS08,
	author    = {Patricia Bouyer and
				Ulrich Fahrenberg and
				Larsen, Kim Guldstrand and
				Nicolas Markey and
				Srba, Ji\v{r}\'i},
	editor    = {Franck Cassez and
				Claude Jard},
	title     = {Infinite Runs in Weighted Timed Automata with Energy Constraints},
	SHORTbooktitle = {{FORMATS}},
	booktitle = {Proceedings of the 6th International Conference on Formal Modeling and Analysis of Timed Systems ({FORMATS} 2008)},
	eventdate = {2008-09-15/2008-09-17},
	location  = {Saint-Malo, France},
	series    = {\LNCS{}},
	volume    = {5215},
	pages     = {33--47},
	publisher = {Springer},
	year      = {2008},
	doi       = {10.1007/978-3-540-85778-5_4},
	timestamp = {Tue, 14 May 2019 10:00:38 +0200},
	biburl    = {https://dblp.org/rec/conf/formats/BouyerFLMS08.bib},
	bibsource = {dblp computer science bibliography, https://dblp.org},
}

@article{BHZ08,
	Author = {Roberto Bagnara and
               Patricia M. Hill and
               Enea Zaffanella},
	Title = {The {P}arma {P}olyhedra {L}ibrary: Toward a Complete Set of Numerical Abstractions for the Analysis and Verification of Hardware and Software Systems},
	Journal = {Science of Computer Programming},
	Volume = 72,
	Number = {1--2},
	Pages = {3--21},
	Year = 2008,
	doi        = {10.1016/j.scico.2007.08.001},
}




@article{BlT09,
	author    = {Bozzelli, Laura and {La Torre}, Salvatore},
	title     = {Decision problems for lower/upper bound parametric timed automata},
	journal   = {\FMSD{}},
	volume    = {35},
	number    = {2},
	year      = {2009},
	pages     = {121-151},
	doi       = {10.1007/s10703-009-0074-0},
	bibsource = {DBLP, http://dblp.uni-trier.de}
}




@inproceedings{CL00,
	author    = {Cassez, Franck and
				Larsen, Kim Guldstrand},
	editor    = {Catuscia Palamidessi},
	title     = {The Impressive Power of Stopwatches},
	booktitle = {Proceedings of the 11th International Conference on Concurrency Theory ({CONCUR} 2000)},
	SHORTbooktitle = {{CONCUR}},
	location  = {University Park, PA, USA},
	eventdate = {2000-08-22/2000-08-25},
	series    = {\LNCS{}},
	volume    = {1877},
	pages     = {138--152},
	publisher = {Springer},
	year      = {2000},
	doi       = {10.1007/3-540-44618-4_12},
	biburl    = {http://dblp.uni-trier.de/rec/bib/conf/concur/CassezL00},
	bibsource = {dblp computer science bibliography, http://dblp.org},
}

@article{AD16,
	author       = {Abdulla, Parosh Aziz and
				Giorgio Delzanno},
	title        = {Parameterized verification},
	journal      = {\STTT{}},
	volume       = {18},
	number       = {5},
	pages        = {469--473},
	year         = {2016},
	doi          = {10.1007/s10009-016-0424-3},
	timestamp    = {Thu, 02 Apr 2020 08:37:24 +0200},
	biburl       = {https://dblp.org/rec/journals/sttt/AbdullaD16.bib},
	bibsource    = {dblp computer science bibliography, https://dblp.org},
}


@inproceedings{HHW95,
	author    = {Thomas A. Henzinger and
				Pei-Hsin Ho and
				Howard Wong-Toi},
	title     = {A User Guide to {HyTech}},
	booktitle = {Proceedings of the First International Workshop on Tools and Algorithms for Construction and Analysis of Systems ({TACAS} 1995)},
	SHORTbooktitle = {TACAS},
	eventdate = {1995-05-19/1995-05-20},
	location  = {Aarhus, Denmark},
	pages     = {41-71},
	doi       = {10.1007/3-540-60630-0_3},
	editor    = {Ed Brinksma and
				Rance Cleaveland and
				Larsen, Kim Guldstrand and
				Tiziana Margaria and
				Bernhard Steffen},
	publisher = {Springer},
	series    = {\LNCS{}},
	volume    = {1019},
	year      = {1995},
	isbn      = {3-540-60630-0},
	bibsource = {DBLP, http://dblp.uni-trier.de},
}



@article{HRSV02,
	author    = {Thomas Hune and
				Judi Romijn and
				Mari{\"e}lle Stoelinga and
				Frits W. Vaandrager},
	title     = {Linear parametric model checking of timed automata},
	journal   = {\JLAP{}},
	volume    = {52-53},
	year      = {2002},
	pages     = {183-220},
	doi       = {10.1016/S1567-8326(02)00037-1},
	bibsource = {DBLP, http://dblp.uni-trier.de},
}


@misc{imitator,
	shorthand = {IMI-Web},
  	author =	{{IMITATOR}},
  	note =	{\url{https://www.imitator.fr}},
  	number =	{v3},
  	title =	{{\imitator{} Web page}},
  	url =	{https://www.imitator.fr},
  	year =	{2022},
}


@article{JLR15,
	author    = {Aleksandra Jovanovi{\'c} and
				Didier Lime and
				Roux, Olivier H.},
	title     = {Integer Parameter Synthesis for Real-Time Systems},
	journal   = {\TSE{}},
	volume    = {41},
	number    = {5},
	pages     = {445--461},
	year      = {2015},
	doi       = {10.1109/TSE.2014.2357445},
	biburl    = {https://dblp.org/rec/bib/journals/tse/JovanovicLR15},
	bibsource = {dblp computer science bibliography, https://dblp.org},
}


@inproceedings{JM09,
	author    = {Bertrand Jeannet and
				Antoine Miné},
	title     = {Apron: {A} Library of Numerical Abstract Domains for Static Analysis},
	booktitle = {Proceedings of the 21st International Conference on Computer Aided Verification ({CAV} 2009)},
	eventdate = {2009-06-26/2009-07-02},
	location  = {Grenoble, France},
	series    = {\LNCS{}},
	volume    = {5643},
	pages     = {661--667},
	publisher = {Springer},
	year      = {2009},
	doi       = {10.1007/978-3-642-02658-4_52},
	biburl    = {https://dblp.org/rec/bib/conf/cav/JeannetM09},
	bibsource = {dblp computer science bibliography, https://dblp.org},
}


@inproceedings{Li09,
	author    = {Guangyuan Li},
	editor    = {Joël Ouaknine and
				Vaandrager, Frits W.},
	title     = {Checking Timed {B}üchi Automata Emptiness Using {LU}-Abstractions},
	booktitle = {Proceedings of the 7th International Conference on Formal Modeling and Analysis of Timed Systems ({FORMATS} 2009)},
	SHORTbooktitle = {{FORMATS}},
	eventdate = {2009-09-14/2009-09-16},
	location  = {Budapest, Hungary},
	series    = {\LNCS{}},
	volume    = {5813},
	pages     = {228--242},
	publisher = {Springer},
	year      = {2009},
	doi       = {10.1007/978-3-642-04368-0_18},
	timestamp = {Tue, 14 May 2019 10:00:38 +0200},
	biburl    = {https://dblp.org/rec/conf/formats/Li09.bib},
	bibsource = {dblp computer science bibliography, https://dblp.org},
}



@article{LPY97,
	author    = {Larsen, Kim Guldstrand and
				Paul Pettersson and
				Wang Yi},
	title     = {{UPPAAL} in a Nutshell},
	journal   = {International Journal on Software Tools for Technology Transfer},
	volume    = {1},
	number    = {1-2},
	year      = {1997},
	pages     = {134-152},
	doi       = {10.1007/s100090050010},
	bibsource = {DBLP, http://dblp.uni-trier.de},
}




@inproceedings{LRST09,
	location = {York, United Kingdom},
	author    = {Didier Lime and
               Olivier H. Roux and
               Charlotte Seidner and
               Louis-Marie Traonouez},
	EDITOR = {Stefan Kowalewski and Anna Philippou},
	booktitle = {Proceedings of the 15th International Conference on Tools and Algorithms for the Construction and Analysis of Systems ({TACAS} 2009)},
	SHORTbooktitle = {{TACAS}},
	MONTH = mar,
	PUBLISHER = {Springer},
	SERIES = {\LNCS{}},
	doi       = {10.1007/978-3-642-00768-2_6},
	VOLUME = {5505},
	PAGES = {54-57},
	TITLE = {{R}omeo: A Parametric Model-Checker for {P}etri Nets with Stopwatches},
	YEAR = 2009,
}




@inproceedings{Markey11,
  	location =	{V{\"a}ster{\aa}s, Sweden},
  	author =	{Markey, Nicolas},
  	editor = {Iain Bate and Roberto Passerone},
  	SHORTbooktitle =	{{SIES}},
  	booktitle =	{Proceedings of the 6th {IEEE} International Symposium on Industrial Embedded Systems ({SIES} 2011)},
  	DOI =	{10.1109/SIES.2011.5953652},
  	month =	jun,
  	pages =	{28-34},
  	publisher =	{{IEEE} Computer Society Press},
  	title =	{Robustness in Real-time Systems},
  	url =	{http://www.lsv.ens-cachan.fr/Publis/PAPERS/PDF/NM-sies11.pdf},
  	year =	{2011},
}


@inproceedings{NPP18,
  author = {Nguyen, Hoang Gia and Petrucci, Laure and Van de Pol, Jaco},
	booktitle = {Proceedings of the 23rd International Conference on Engineering of Complex Computer Systems ({ICECCS} 2018)},
	SHORTbooktitle = {{ICECCS}},
	editor = {Lin, Anthony Widjaja and Sun, Jun},
	location = {Melbourne, Australia},
	eventdate = {2018-12-12/2018-12-14},
    editor = {Anthony Widjaja Lin and Jun Sun},
	pages     = {1--9},
	publisher = {{IEEE} Computer Society},
	title = {Layered and Collecting {NDFS} with Subsumption for Parametric Timed Automata},
	year = {2018},
	month=dec,
	doi       = {10.1109/ICECCS2018.2018.00009},
}



@inproceedings{SLDP09,
	author    = {Jun Sun and Yang Liu and Jin Song Dong and Jun Pang},
	doi       = {10.1007/978-3-642-02658-4_59},
	editor    = {Ahmed Bouajjani and Oded Maler},
	title     = {{PAT}: Towards Flexible Verification under Fairness},
	SHORTbooktitle = {{CAV}},
	booktitle = {Proceedings of the 21st International Conference on Computer Aided Verification ({CAV} 2009)},
	location  = {Grenoble, France},
	eventdate = {2009-06-26/2009-07-02},
	isbn      = {978-3-642-02657-7},
	pages     = {709-714},
	publisher = {Springer},
	series    = {\LNCS{}},
	volume    = {5643},
	year      = {2009},
}


@article{Tripakis09,
	author    = {Stavros Tripakis},
	title     = {Checking timed {B}üchi automata emptiness on simulation graphs},
	journal   = {{ACM} Transactions on Computational Logic},
	volume    = {10},
	number    = {3},
	pages     = {15:1--15:19},
	year      = {2009},
	doi       = {10.1145/1507244.1507245},
	timestamp = {Tue, 06 Nov 2018 12:51:53 +0100},
	biburl    = {https://dblp.org/rec/journals/tocl/Tripakis09.bib},
	bibsource = {dblp computer science bibliography, https://dblp.org},
}

@article{WSWLSDYL15,
	author    = {Ting Wang and
				Jun Sun and
				Xinyu Wang and
				Yang Liu and
				Yuanjie Si and
				Jin Song Dong and
				Xiaohu Yang and
				Xiaohong Li},
	title     = {A Systematic Study on Explicit-State Non-{Z}enoness Checking for Timed Automata},
	journal   = {{IEEE} Transactions on Software Engineering},
	volume    = {41},
	number    = {1},
	pages     = {3--18},
	year      = {2015},
	doi       = {10.1109/TSE.2014.2359893},
	biburl    = {http://dblp.uni-trier.de/rec/bib/journals/tse/WangSWLSDYL15},
	bibsource = {dblp computer science bibliography, http://dblp.org},
}

@inproceedings{DBLP:conf/concur/CassezDFLL05,
  author       = {Franck Cassez and
                  Alexandre David and
                  Emmanuel Fleury and
                  Kim Guldstrand Larsen and
                  Didier Lime},
  editor       = {Martín Abadi and
                  Luca de Alfaro},
  title        = {Efficient On-the-Fly Algorithms for the Analysis of Timed Games},
  booktitle    = {{CONCUR} 2005 - Concurrency Theory, 16th International Conference,
                  {CONCUR} 2005, San Francisco, CA, USA, August 23-26, 2005, Proceedings},
  series       = {Lecture Notes in Computer Science},
  volume       = {3653},
  pages        = {66--80},
  publisher    = {Springer},
  year         = {2005},
  url          = {https://doi.org/10.1007/11539452\_9},
  doi          = {10.1007/11539452\_9},
  timestamp    = {Tue, 14 May 2019 10:00:43 +0200},
  biburl       = {https://dblp.org/rec/conf/concur/CassezDFLL05.bib},
  bibsource    = {dblp computer science bibliography, https://dblp.org}
}

@inproceedings{DBLP:conf/wodes/JovanovicFLR12,
  author       = {Aleksandra Jovanovic and
                  Sébastien Faucou and
                  Didier Lime and
                  Olivier H. Roux},
  editor       = {Antonio Ramírez-Treviño and
                  Ernesto López-Mellado and
                  Jean-Jacques Lesage and
                  Manuel Silva Suárez},
  title        = {Real-time control with parametric timed reachability games},
  booktitle    = {11th International Workshop on Discrete Event Systems, {WODES} 2012,
                  Guadalajara, Mexico, October 3-5, 2012},
  pages        = {323--330},
  publisher    = {International Federation of Automatic Control},
  year         = {2012},
  url          = {https://doi.org/10.3182/20121003-3-MX-4033.00052},
  doi          = {10.3182/20121003-3-MX-4033.00052},
  timestamp    = {Wed, 26 Jan 2022 14:16:09 +0100},
  biburl       = {https://dblp.org/rec/conf/wodes/JovanovicFLR12.bib},
  bibsource    = {dblp computer science bibliography, https://dblp.org}
}
